@article{berry1989-Reactive,
  title={Real time programming: special purpose or general purpose languages, rapport de recherche INRIA, n 1065},
  author={Berry, G{\'e}rard},
  journal={11th IFIP World Congress},
  year={1989},
  publisher={Ao{\^u}t}
}

@article{meijer2012-YMIAD,
  title={Your Mouse is a Database},
  author={Meijer, Erik},
  journal={Queue},
  volume={10},
  number={3},
  pages={20},
  year={2012},
  publisher={ACM}
}

@inproceedings{meijer2010-Observable,
  title={{Subject/Observer is Dual to Iterator}},
  author={Meijer, Erik},
  booktitle={FIT: Fun Ideas and Thoughts at the Conference on Programming Language Design and Implementation},
  year={2010}
}

@misc{meijer2014-Derivation,
  title={{Let Me Calculate That For You}},
  author={Meijer, Erik},
  year={2014},
  month={September},
  howpublished={Lambda Jam 2014, \url{https://www.youtube.com/watch?v=pOl4E8x3fmw}},
  note={Accessed: 2015-12-28}
}

@misc{christensen2014-RxServiceArchitecture,
  title={{Reactive Programming with Rx}},
  author={Christensen, Ben},
  year={2014},
  month={November},
  howpublished={QConSF 2014, \url{http://www.infoq.com/presentations/rx-service-architecture}},
  note={(Combining backpressure operators is discussed at 29:20)}
}

@misc{E2E-Rx,
  title={{Expert to Expert: Brian Beckman and Erik Meijer - Inside the .NET Reactive Framework (Rx)}},
  author={Meijer, Erik and Beckman, Brian},
  year={2009},
  month={July},
  howpublished={\url{https://channel9.msdn.com/Shows/Going+Deep/Expert-to-Expert-Brian-Beckman-and-Erik-Meijer-Inside-the-NET-Reactive-Framework-Rx}},
  note={Accessed: 2016-01-05}
}

@misc{meijer2014-Duality-And-The-End-Of-Reactive,
  title={{Duality and the End of Reactive}},
  author={Meijer, Erik},
  year={2014},
  month={May},
  howpublished={Lang.NEXT 2014, \url{https://channel9.msdn.com/events/Lang-NEXT/Lang-NEXT-2014/Keynote-Duality}},
  note={Accessed: 2016-01-05}
}  

@booklet{MS2010-RxDesign,
  title={{Rx Design Guidelines}},
  year={2010},
  month={October},
  howpublished={\url{http://go.microsoft.com/fwlink/?LinkID=205219}},
  note={Accessed: 2015-12-28}
}

@misc{Rx.Net,
  title={{Rx (Reactive Extensions) on Codeplex}},
  howpublished = {\url{https://rx.codeplex.com/}},
  note={Accessed: 2015-12-28}
}

@misc{ReactiveX,
  title={{ReactiveX, an API for asynchronous programming with observable streams}},
  howpublished = {\url{http://reactivex.io/}},
  note={Accessed: 2015-12-28}
}

@misc{RxJava-Wiki-Backpressure,
  title={{How a subscriber establishes reactive pull backpressure}},
  howpublished={\url{https://github.com/ReactiveX/RxJava/wiki/Backpressure#how-a-subscriber-establishes-reactive-pull-backpressure}},
  note={Accessed: 2015-12-28}
}

@misc{RxJava-Wiki-Callstack-Blocking,
  title={{Callstack blocking as a flow control alternative to backpressure}},
  howpublished={\url{https://github.com/ReactiveX/RxJava/wiki/Backpressure#callstack-blocking-as-a-flow-control-alternative-to-backpressure}},
  note={Accessed: 2016-1-12}
}

@misc{Reactive-Streams,
  title={{Reactive Streams}},
  howpublished={\url{http://www.reactive-streams.org/}},
  note={Accessed: 2015-12-28}
}

@misc{Reactive-Streams-API,
  title={{Reactive Streams API}},
  howpublished={\url{http://www.reactive-streams.org/reactive-streams-1.0.0-javadoc/}},
  note={Accessed: 2015-12-28}
}

@misc{Akka,
  title={Akka},
  howpublished={\url{http://akka.io/}},
  note={Accessed: 2015-12-28}
}

@misc{Elm,
  title={{Elm, the best of functional programming in your browser}},
  howpublished={\url{http://elm-lang.org/}},
  note={Accessed: 2015-12-28}
}

@misc{Backpressure-Explained,
  title={Backpressure},
  howpublished={\url{https://xgrommx.github.io/rx-book/content/getting\_started\_with\_rxjs/creating\_and\_querying\_observable\_sequences/backpressure.html}},
  note={Accessed: 2015-12-28}
}

@article{meijer2015-Dart,
  title={{Spicing Up Dart with Side Effects}},
  author={Meijer, Erik and Millikin, Kevin and Bracha, Gilad},
  journal={Queue},
  volume={13},
  number={3},
  pages={40},
  year={2015},
  publisher={ACM}
}

@book{gamma1994-DesignPatternsGOF,
  title={{Design patterns: elements of reusable object-oriented software}},
  author={Gamma, Erich and Helm, Richard and Johnson, Ralph and Vlissides, John},
  year={1994},
  publisher={Pearson Education}
}

@book{rydeheard1988-Category-Theory,
  title={{Computational category theory}},
  author={Rydeheard, David E and Burstall, Rod M},
  volume={152},
  year={1988},
  publisher={Prentice Hall Englewood Cliffs}
}

@misc{RxMobile,
  title={{RxMobile User Guide}},
  note={To be published later}
}

@misc{rx-api,
  title={{RxJava API}},
  howpublished={\url{http://reactivex.io/RxJava/javadoc/rx/Observable.html}},
  note={Accessed: 2016-01-04}
}

@book{tanenbaum2011-Computer-Networks,
 author = {Tanenbaum, Andrew S and Wetherall, David J.},
 title = {Computer Networks},
 year = {2011},
 isbn = {0132126958},
 edition = {5th},
 publisher = {Prentice Hall Professional Technical Reference},
} 

@misc{RxJava-Wiki-HotCold,
  title={{Hot and Cold Observables and multicasted Observables}},
  howpublished={\url{https://github.com/ReactiveX/RxJava/wiki/Backpressure#hot-and-cold-observables-and-multicasted-observables}},
  note={Accessed: 2016-01-15}
}

@misc{RxJava-source-code,
  title={{RxJava source code}},
  howpublished={\url{https://github.com/ReactiveX/RxJava/}},
  note={Accessed: 2016-01-21}
}

@misc{RxJava-Scheduling,
  title={{RxJava scheduling example}},
  howpublished={\url{http://reactivex.io/documentation/scheduler.html}},
  note={Accessed: 2016-02-12}
}

@misc{RxJava-Trampoline-Scheduler,
  title={{RxJava \code{TrampolineScheduler} documentation}},
  howpublished={\url{http://reactivex.io/RxJava/javadoc/rx/schedulers/Schedulers.html\#trampoline()}},
  note={Accessed: 2016-08-13}
}

@misc{Rx-Codeplex,
  title={{Rx on Codeplex}},
  howpublished={\url{https://rx.codeplex.com/}},
  note={Accessed: 2016-02-19}
}

@misc{java-iterable-api,
  title={{Java Iterable API}},
  howpublished={\url{https://docs.oracle.com/javase/8/docs/api/java/lang/Iterable.html}},
  note={Accessed: 2016-03-04}
}

@misc{linkedlist-vs-arraylist,
  title={{When to use LinkedList over ArrayList?}},
  howpublished={\url{http://stackoverflow.com/questions/322715/when-to-use-linkedlist-over-arraylist}},
  note={Accessed: 2016-03-04}
}

@article{meijer2014-embracing-the-hacker-way,
  title={The responsive enterprise: Embracing the hacker way},
  author={Meijer, Erik and Kapoor, Vikram},
  journal={Communications of the ACM},
  volume={57},
  number={12},
  pages={38--43},
  year={2014},
  publisher={ACM}
}

@article{beckmann2015-cache-calculus,
  title={Cache Calculus: Modeling Caches through Differential Equations},
  author={Beckmann, Nathan and Sanchez, Daniel},
  year={2015},
  publisher={IEEE}
}

@book{janert2013-feedback,
  title={Feedback control for computer systems},
  author={Janert, Philipp K},
  year={2013},
  publisher={"O'Reilly Media, Inc."}
}

@book{hellerstein2004-feedback,
  title={Feedback control of computing systems},
  author={Hellerstein, Joseph L and Diao, Yixin and Parekh, Sujay and Tilbury, Dawn M},
  year={2004},
  publisher={John Wiley \& Sons}
}

@misc{heest2015-feedback-for-hackers,
  title={{Feedback Control for Hackers}},
  author={Heest van, Richard},
  year={2015},
  howpublished={\url{http://rvanheest.github.io/Literature-Study-Feedback-Control/}},
  note={Accessed: 2016-04-15}
}

@misc{nikital-balltracker,
  title={{Original balltracker implementation by Nikital}},
  author={Leshenko, Nikita},
  year={2015},
  howpublished={\url{https://github.com/nikital/pid}},
  note={Accessed: 2016-04-20}
}

@article{mealy1955-mealymachine,
  title={A method for synthesizing sequential circuits},
  author={Mealy, George H},
  journal={Bell System Technical Journal},
  volume={34},
  number={5},
  pages={1045--1079},
  year={1955},
  publisher={Wiley Online Library}
}

@book{carroll1989-theoryoffiniteautomata,
  title={Theory of finite automata with an introduction to formal languages},
  author={Carroll, John and Long, Darrell},
  year={1989},
  isbn = {0139137084},
  publisher = {Prentice Hall}
}

@misc{Matlab-Feedback,
  title={{Matlab feedback simulation}},
  howpublished = {\url{http://nl.mathworks.com/help/control/ref/feedback.html}},
  note={Accessed: 2016-08-13}
}

@article{hughes2000-arrows,
  title={Generalising monads to arrows},
  author={Hughes, John},
  journal={Science of computer programming},
  volume={37},
  number={1},
  pages={67--111},
  year={2000},
  publisher={Elsevier}
}

@inproceedings{swierstra1996-parsers,
  title={Deterministic, error-correcting combinator parsers},
  author={Swierstra, S Doaitse and Duponcheel, Luc},
  booktitle={International School on Advanced Functional Programming},
  pages={184--207},
  year={1996},
  organization={Springer}
}

@misc{feedback4s-zenodo,
  title={{rvanheest/feedback4s: Release 1.0}},
  author={Heest van, Richard},
  note={\textbf{doi}:\texttt{10.5281/zenodo.169095}},
  howpublished={\url{https://doi.org/10.5281/zenodo.169095}},
  month={nov},
  year={2016}
}
